@inproceedings{cover-trees,
 author = {Beygelzimer, Alina and Kakade, Sham and Langford, John},
 title = {Cover Trees for Nearest Neighbor},
 booktitle = {Proceedings of the 23rd International Conference on Machine Learning},
 series = {ICML '06},
 year = {2006},
 isbn = {1-59593-383-2},
 location = {Pittsburgh, Pennsylvania, USA},
 pages = {97--104},
 numpages = {8},
 url = {http://doi.acm.org/10.1145/1143844.1143857},
 doi = {10.1145/1143844.1143857},
 acmid = {1143857},
 publisher = {ACM},
 address = {New York, NY, USA},
} 

@Article{johnson,
  author = 	 {Johnson, Donald},
  title = 	 {Efficient algorithms for shortest paths in sparse networks},
  journal = 	 {Journal of the {ACM}},
  year = 	 1977,
  volume =	 24,
  pages =	 {1--13}
}

@article{bbp-interval,
  author    = {Herv{\'{e}} Br{\"{o}}nnimann and
               Christoph Burnikel and
               Sylvain Pion},
  title     = {Interval arithmetic yields efficient dynamic filters for computational
               geometry},
  journal   = {Discrete Applied Mathematics},
  volume    = {109},
  number    = {1-2},
  pages     = {25--47},
  year      = {2001},
  url       = {https://doi.org/10.1016/S0166-218X(00)00231-6},
  doi       = {10.1016/S0166-218X(00)00231-6},
  timestamp = {Sun, 28 May 2017 13:22:23 +0200},
  biburl    = {https://dblp.org/rec/bib/journals/dam/BronnimannBP01},
  bibsource = {dblp computer science bibliography, https://dblp.org}
}



@PhdThesis{kerber-phd,
  author = 	 {Kerber, Michael},
  title = 	 {Geometric Algorithms for Algebraic Curves and Surfaces},
  school = 	 {Saarland University},
  year = 	 2009
}

